@online{thuthesis,
  author =      {薛瑞尼},
  title =       {\thuthesis: 清华大学学位论文模板},
  citedate =    {2017-12-02},
  url =         {https://github.com/xueruini/thuthesis},
  language =    "chinese",
  year =        2017,
}

@article{yang2005effective,
  title={An effective variable block-size early termination algorithm for H. 264 video coding},
  author={Yang, Libo and Yu, Keman and Li, Jiang and Li, Shipeng},
  journal={IEEE Transactions on Circuits and Systems for Video Technology},
  volume={15},
  number={6},
  pages={784--788},
  year={2005},
  publisher={IEEE}
}

@inproceedings{xu2003efficient,
  title={Efficient fast ME predictions and early-termination strategy based on H. 264 statistical characters},
  author={Xu, Jianfeng and Chen, Zhibo and He, Yun},
  booktitle={Information, Communications and Signal Processing, 2003 and Fourth Pacific Rim Conference on Multimedia. Proceedings of the 2003 Joint Conference of the Fourth International Conference on},
  volume={1},
  pages={218--222},
  year={2003},
  organization={IEEE}
}

@article{choi2011coding,
  title={Coding tree pruning based CU early termination},
  author={Choi, Kiho and Park, Sang-Hyo and Jang, Euee S},
  journal={JCTVC-F092, Torino, Italy},
  pages={14--22},
  year={2011}
}

@inproceedings{kim2012adaptive,
  title={Adaptive coding unit early termination algorithm for HEVC},
  author={Kim, Jongho and Jeong, Seyoon and Cho, Sukhee and Choi, Jin Soo},
  booktitle={Consumer Electronics (ICCE), 2012 IEEE International Conference on},
  pages={261--262},
  year={2012},
  organization={IEEE}
}

@article{shen2013cu,
  title={CU splitting early termination based on weighted SVM},
  author={Shen, Xiaolin and Yu, Lu},
  journal={EURASIP Journal on Image and Video Processing},
  volume={2013},
  number={1},
  pages={4},
  year={2013},
  publisher={Springer}
}